@article{Lavou__2011,
  doi = {10.1111/j.1467-8659.2011.02017.x},
  url = {http://dx.doi.org/10.1111/j.1467-8659.2011.02017.x},
  year = {2011},
  month = {aug},
  publisher = {Wiley-Blackwell},
  volume = {30},
  number = {5},
  pages = {1427--1437},
  author = {Guillaume Lavou{\'{e}}},
  title = {{A Multiscale Metric for 3D Mesh Visual Quality Assessment}},
  journal = {Computer Graphics Forum},
}
